<?xml version="1.0" encoding="utf-8"?>
<record xmlns="http://www.loc.gov/MARC21/slim" xmlns:xsi="http://www.w3.org/2001/XMLSchema-instance" xsi:schemaLocation="http://www.loc.gov/MARC21/slim http://www.loc.gov/standards/marcxml/schema/MARC21slim.xsd">
	<leader>     nam a22     Mi 4500</leader>
	<controlfield tag="001">2794671</controlfield>
	<controlfield tag="003">NjP</controlfield>
	<controlfield tag="006">m        d        </controlfield>
	<controlfield tag="007">cr cn |||m|||a</controlfield>
	<controlfield tag="008">190222s1900    mr      o     000 0 ara d</controlfield>
	<datafield ind1=" " ind2=" " tag="040">
		<subfield code="a">ZYU</subfield>
		<subfield code="b">ara</subfield>
		<subfield code="e">rda</subfield>
		<subfield code="c">ZYU</subfield>
	</datafield>
	<datafield ind1=" " ind2="4" tag="050">
		<subfield code="a">KBP320.K43</subfield>
		<subfield code="b">A35 1900</subfield>
	</datafield>
	<datafield ind1="1" ind2=" " tag="100">
		<subfield code="6">880-01</subfield>
		<subfield code="a">Binnīs, Muḥammad ibn Aḥmad,</subfield>
		<subfield code="d">approximately 1747-1798 or 1799.</subfield>
	</datafield>
	<datafield ind1="1" ind2="0" tag="245">
		<subfield code="6">880-02</subfield>
		<subfield code="a">Bahjat al-baṣar fī sharḥ farāʼiḍ al-Mukhtaṣar /</subfield>
		<subfield code="c">lil-Shaykh Muḥammad ibn Aḥmad Binnīs ʻalá farāʼiḍ Ḍiyāʼ al-Dīn Abī al-Mawaddah Khalīl. Wa-bi-ḥāmishihi Ḥāshiyat al-Shaykh al-faqīh al-ʻallāmah Khātimat al-Muḥaqqiqīn Abī ʻAbd Allāh Sayyidī al-Ḥājj Muḥammad ibn al-Madanī Jannūn.</subfield>
	</datafield>
	<datafield ind1=" " ind2=" " tag="260">
		<subfield code="a">[Morocco] :</subfield>
		<subfield code="b">[publisher not identified],</subfield>
		<subfield code="c">1318 [1900]</subfield>
	</datafield>
	<datafield ind1=" " ind2=" " tag="300">
		<subfield code="a">online resource (1 volume (various pagings))</subfield>
	</datafield>
	<datafield ind1=" " ind2=" " tag="336">
		<subfield code="a">text</subfield>
		<subfield code="2">rdacontent</subfield>
	</datafield>
	<datafield ind1=" " ind2=" " tag="337">
		<subfield code="a">computer</subfield>
		<subfield code="2">rdamedia</subfield>
	</datafield>
	<datafield ind1=" " ind2=" " tag="338">
		<subfield code="a">online resource</subfield>
		<subfield code="2">rdacarrier</subfield>
	</datafield>
	<datafield ind1=" " ind2=" " tag="500">
		<subfield code="a">Part of the Arabic Collections Online (ACO) project, contributed by Princeton University Libraries.</subfield>
	</datafield>
	<datafield ind1=" " ind2=" " tag="533">
		<subfield code="a">Electronic reproduction.</subfield>
		<subfield code="b">New York, N.Y. :</subfield>
		<subfield code="c">New York University,</subfield>
		<subfield code="d">2019.</subfield>
		<subfield code="5">NNU</subfield>
	</datafield>
	<datafield ind1="0" ind2="0" tag="600">
		<subfield code="a">Khalīl ibn Isḥāq al-Jundī,</subfield>
		<subfield code="d">-1365?</subfield>
		<subfield code="t">Mukhtaṣar.</subfield>
	</datafield>
	<datafield ind1="1" ind2="0" tag="600">
		<subfield code="a">Binnīs, Muḥammad ibn Aḥmad,</subfield>
		<subfield code="d">approximately 1747-1798 or 1799.</subfield>
		<subfield code="t">Bahjat al-baṣar fī sharḥ farāʼiḍ al-Mukhtaṣar.</subfield>
	</datafield>
	<datafield ind1="0" ind2="7" tag="630">
		<subfield code="a">Mukhtaṣar (Khalīl ibn Isḥāq al-Jundī)</subfield>
		<subfield code="2">fast</subfield>
		<subfield code="0">(OCoLC)fst01363458</subfield>
	</datafield>
	<datafield ind1=" " ind2="0" tag="650">
		<subfield code="a">Islamic law</subfield>
		<subfield code="x">Interpretation and construction.</subfield>
	</datafield>
	<datafield ind1=" " ind2="7" tag="650">
		<subfield code="a">Islamic law</subfield>
		<subfield code="x">Interpretation and construction.</subfield>
		<subfield code="2">fast</subfield>
		<subfield code="0">(OCoLC)fst00979955</subfield>
	</datafield>
	<datafield ind1=" " ind2="7" tag="655">
		<subfield code="a">Lithographs</subfield>
		<subfield code="z">Morocco</subfield>
		<subfield code="y">1900.</subfield>
		<subfield code="2">gmgpc</subfield>
	</datafield>
	<datafield ind1="1" ind2="2" tag="700">
		<subfield code="6">880-03</subfield>
		<subfield code="a">Ibn al-Madanī Jannūn, Muḥammad,</subfield>
		<subfield code="d">-1884 or 1885.</subfield>
		<subfield code="t">Ḥāshiyah ʻalá Bahjat al-baṣar.</subfield>
	</datafield>
	<datafield ind1="2" ind2=" " tag="710">
		<subfield code="a">Princeton University.</subfield>
		<subfield code="b">Library.</subfield>
	</datafield>
	<datafield ind1="0" ind2=" " tag="730">
		<subfield code="a">Arabic Collections Online.</subfield>
	</datafield>
	<datafield ind1="0" ind2=" " tag="740">
		<subfield code="6">880-04</subfield>
		<subfield code="a">Ḥāshiyah ʻalá Bahjat al-baṣar.</subfield>
	</datafield>
	<datafield ind1="0" ind2="8" tag="776">
		<subfield code="i">Print version:</subfield>
		<subfield code="a">Binnīs, Muḥammad ibn Aḥmad, approximately 1747-1798 or 1799.</subfield>
		<subfield code="t">Bahjat al-baṣar fī sharḥ farāʼiḍ al-Mukhtaṣar</subfield>
		<subfield code="w">(NjP)2794671</subfield>
		<subfield code="w">(OCoLC)79291628</subfield>
	</datafield>
	<datafield ind1="4" ind2="0" tag="856">
		<subfield code="u">http://hdl.handle.net/2333.1/c59zwbmd</subfield>
	</datafield>
	<datafield ind1="1" ind2=" " tag="880">
		<subfield code="6">100-01</subfield>
		<subfield code="a">بنيس، محمد بن احمد،‎‎</subfield>
		<subfield code="d">approximately 1747-1798 or 1799.</subfield>
	</datafield>
	<datafield ind1="1" ind2="0" tag="880">
		<subfield code="6">245-02</subfield>
		<subfield code="a">بهجة البصر في شرح فرائض المختصر /‎‎</subfield>
		<subfield code="c">للشيخ محمد بن احمد بنيس على فرائض ضياء الدين ابي المودة خليل. وبهامشه حاشية الشيخ الفقيه العلامة خاتمة المحققين ابي عبد الله سيدي الحاج محمد بن المدني جنون.‎‎</subfield>
	</datafield>
	<datafield ind1="1" ind2="2" tag="880">
		<subfield code="6">700-03</subfield>
		<subfield code="a">ابن المدني جنون، محمد،‎‎</subfield>
		<subfield code="d">-1884 or 1885.</subfield>
		<subfield code="t">حاشية على بهجة البصر.‎‎</subfield>
	</datafield>
	<datafield ind1="0" ind2=" " tag="880">
		<subfield code="6">740-04</subfield>
		<subfield code="a">حاشية على بهجة البصر.‎‎</subfield>
	</datafield>
	<datafield ind1=" " ind2=" " tag="959">
		<subfield code="a">NNU</subfield>
		<subfield code="b">WEB</subfield>
		<subfield code="c">GENI</subfield>
		<subfield code="t">0</subfield>
		<subfield code="m">Electronic access</subfield>
		<subfield code="s">01</subfield>
	</datafield>
	<datafield ind1=" " ind2=" " tag="999">
		<subfield code="i">NjP_2794671</subfield>
		<subfield code="o">(OCoLC)ocm79291628</subfield>
		<subfield code="s">princeton_aco001727</subfield>
		<subfield code="e">(ERROR-880)</subfield>
		<subfield code="s">princeton_aco001727</subfield>
	</datafield>
</record>
